@techreport{bibliografica6023,
  title={10520/2002, NBR 6023:2002: Informação e Documentação - Referências - Elaboração},
  author={{ABNT}},
  year={2002}
}

@book{sommerville2011software,
  title={Software engineering 9th Edition},
  author={Sommerville, Ian},
  publisher={Pearson},
  pages={768},
  year={2017},
  isbn={978-8543024974}
}

@article{clancy1995standish,
  title={The standish group report},
  author={Clancy, Tom},
  journal={Chaos report},
  year={1995}
}
